
@online{PlaceTheorySound,
  title = {A Place Theory of Sound Localization. - {{PsycNET}}},
  url = {https://doi.apa.org/doiLanding?doi=10.1037%2Fh0061495},
  urldate = {2022-02-19},
  abstract = {APA PsycNet DoiLanding page},
  langid = {english},
  annotation = {00000}
}


